<?xml version="1.0" encoding="UTF-8"?><record xmlns="http://www.loc.gov/MARC21/slim" xmlns:cinclude="http://apache.org/cocoon/include/1.0" xmlns:zs="http://www.loc.gov/zing/srw/">
  <leader>00435cz  a2200121n  4500</leader>
  <controlfield tag="001">n 2013033063</controlfield>
  <controlfield tag="003">DLC</controlfield>
  <controlfield tag="005">20130621154351.0</controlfield>
  <controlfield tag="008">130610n| azannaabn          |n aaa      </controlfield>
  <datafield tag="010" ind1=" " ind2=" ">
    <subfield code="a">n 2013033063</subfield>
  </datafield>
  <datafield tag="040" ind1=" " ind2=" ">
    <subfield code="a">DLC</subfield>
    <subfield code="b">eng</subfield>
    <subfield code="c">DLC</subfield>
    <subfield code="e">rda</subfield>
    <subfield code="d">DLC</subfield>
  </datafield>
  <datafield tag="100" ind1="1" ind2=" ">
    <subfield code="a">Britton, Graeme Arthur</subfield>
  </datafield>
  <datafield tag="670" ind1=" " ind2=" ">
    <subfield code="a">Design synthesis, 2013:</subfield>
    <subfield code="b">t.p. (Graeme Arthur Britton) galley (Professor Graeme Britton; BE (Hons), PhD, DEng, CEng, FIMechE, SnrMSME; over 30 yrs. academic exp.)</subfield>
  </datafield>
</record>